@article{casting,
author  = {Meital Reches and Ehud Gazit},
title   = {Casting Metal Nanowires Within Discrete Self-Assembled Peptide Nanotubes},
journal = {Science},
year    = {2003},
volume  = {300},
number  = {5619},
pages   = {625-627},
}

@article{qc,
author  = {Nadav Amdursky and Michel Molotskii and Daniel Aronov and Lihi Adler-Abramovich and Ehud Gazit and Gil Rosenman},
title   = {Blue Luminescence Based on Quantum Confinement at Peptide Nanotubes},
journal = {Nano Lett.},
year    = {2009},
volume  = {9},
pages   = {3111-3115},
}

@Book{threebody,
author = {刘慈欣},
title = {《三体・黑暗森林》},
publisher = {重庆出版集团},
year = {2008},
}
